@inproceedings{LakhmanBurtsev2013,
 author = {Lakhman, Konstantin and Burtsev, Mikhail},
 title = {Neuroevolution Results in Emergence of Short-term Memory in Multi-goal Environment},
 booktitle = {Proceeding of the Fifteenth Annual Conference on Genetic and Evolutionary Computation Conference},
 series = {GECCO '13},
 year = {2013},
 isbn = {978-1-4503-1963-8},
 location = {Amsterdam, The Netherlands},
 pages = {703--710},
 numpages = {8},
 url = {http://doi.acm.org/10.1145/2463372.2463465},
 doi = {10.1145/2463372.2463465},
 acmid = {2463465},
 publisher = {ACM},
 address = {New York, NY, USA},
 keywords = {adaptive behavior, alternative behavior, multi-goal environments, neuroevolution, recurrent neural networks, short-term memory},
} 

@article{Edelman1993,
title = "Neural Darwinism: Selection and reentrant signaling in higher brain function ",
journal = "Neuron ",
volume = "10",
number = "2",
pages = "115 -- 125",
year = "1993",
note = "",
issn = "0896-6273",
doi = "http://dx.doi.org/10.1016/0896-6273(93)90304-A",
url = "http://www.sciencedirect.com/science/article/pii/089662739390304A",
author = "Gerald M. Edelman"
}

@book{Anokhin1974,
  title={Biology and Neurophysiology of the Conditioned Reflex and Its Role in Adaptive Behavior},
  author={Anokhin, P.K.},
  isbn={9781483145518},
  year={1974},
  publisher={Pergamon, Oxford}
}

@inproceedings{GomezMiikkulainen1999,
 author = {Gomez, Faustino J. and Miikkulainen, Risto},
 title = {Solving non-Markovian Control Tasks with Neuroevolution},
 booktitle = {Proceedings of the 16th International Joint Conference on Artificial Intelligence - Volume 2},
 series = {IJCAI'99},
 year = {1999},
 location = {Stockholm, Sweden},
 pages = {1356--1361},
 numpages = {6},
 url = {http://dl.acm.org/citation.cfm?id=1624312.1624411},
 acmid = {1624411},
 publisher = {Morgan Kaufmann Publishers Inc.},
 address = {San Francisco, CA, USA},
} 


@article{Fiorillo2008,
    author = {Fiorillo, Christopher D.},
    journal = {PLoS ONE},
    publisher = {Public Library of Science},
    title = {Towards a General Theory of Neural Computation Based on Prediction by Single Neurons},
    year = {2008},
    month = {10},
    volume = {3},
    url = {http://dx.doi.org/10.1371%2Fjournal.pone.0003298},
    pages = {e3298},
    number = {10},
    doi = {10.1371/journal.pone.0003298}
}        

@inproceedings{Shvyrkov1986,
  title={Behavioral specialization of neurons and the system-selection hypothesis of learning},
  author={Shvyrkov, Vyacheslav B.},
  booktitle = {Human Memory and Cognitive Capabilities},
  pages = {599--611},
  year={1986},
  publisher={Elsevier, Amsterdam}
}

@InProceedings{Burtsev2008,
  Author    = {Burtsev, M.},
  Title     = {Basic principles of adaptive learning through variation and selection},
  Editor    = {Bullock, S. and Noble, J. and Watson, R. and Bedau, M. A.},
  BookTitle = {Artificial Life XI: Proceedings of the Eleventh International Conference on the Simulation and Synthesis of Living Systems},
  Publisher = {MIT Press, Cambridge, MA},
  Year      = {2008},
  Pages     = {88--93},
  URL       = {http://alifexi.alife.org/papers/ALIFExi_pp088-093.pdf},
  CrossRef  = {alifexi}
}
